@article{useintroduction,
  title={Introduction to LATEX},
  author={use LATEX, Why},
  journal={LaTeX Journal},
  year={2025}
}

@book{kopka2003guide,
  title={Guide to LATEX},
  author={Kopka, Helmut and Daly, Patrick W},
  year={2003},
  publisher={Pearson Education}
}

@book{mittelbach2004latex,
  title={The LaTeX Companion},
  author={Mittelbach, Frank and Goossens, Michel and others},
  year={2004},
  publisher={Addison-Wesley}
}

@article{lamport1994latex,
  title={LaTeX: A Document Preparation System},
  author={Lamport, Leslie},
  journal={Addison Wesley, Reading, MA},
  year={1994}
}

@article{knuth1984texbook,
  title={The TeXbook},
  author={Knuth, Donald E},
  journal={Addison-Wesley},
  year={1984}
}

@book{oetiker2005not,
  title={The Not So Short Introduction to LaTeX2e},
  author={Oetiker, Tobias and others},
  year={2005},
  publisher={Online}
}

@article{goossens1993latex,
  title={LaTeX: a document preparation system},
  author={Goossens, Michel and Mittelbach, Frank and Samarin, Alexander},
  journal={Computing Systems},
  year={1993}
}

@article{berry2001introduction,
  title={Introduction to TeX and LaTeX},
  author={Berry, Karl},
  journal={TUGboat},
  year={2001}
}

@misc{wikibookslatex,
  title={LaTeX Wikibooks Guide},
  author={Wikibooks Contributors},
  howpublished={\url{https://en.wikibooks.org/wiki/LaTeX}},
  note={Accessed: 2025-06-08}
}

@book{gratzer2007moremath,
  title={More Math into LaTeX},
  author={Gr√§tzer, George},
  year={2007},
  publisher={Springer Science \& Business Media}
}
